@misc{agarwal2021contrastive,
      title={Contrastive Behavioral Similarity Embeddings for Generalization in Reinforcement Learning}, 
      author={Rishabh Agarwal and Marlos C. Machado and Pablo Samuel Castro and Marc G. Bellemare},
      year={2021},
      eprint={2101.05265},
      archivePrefix={arXiv},
      primaryClass={cs.LG}
}

@misc{tian2021understanding,
      title={Understanding self-supervised Learning Dynamics without Contrastive Pairs}, 
      author={Yuandong Tian and Xinlei Chen and Surya Ganguli},
      year={2021},
      eprint={2102.06810},
      archivePrefix={arXiv},
      primaryClass={cs.LG}
}

@INPROCEEDINGS{Hadsell06dimensionalityreduction,
    author = {Raia Hadsell and Sumit Chopra and Yann Lecun},
    title = {Dimensionality reduction by learning an invariant mapping},
    booktitle = {In Proc. Computer Vision and Pattern Recognition Conference (CVPR'06)},
    year = {2006},
    publisher = {IEEE Press}
}

@misc{chen2020simple,
      title={A Simple Framework for Contrastive Learning of Visual Representations}, 
      author={Ting Chen and Simon Kornblith and Mohammad Norouzi and Geoffrey Hinton},
      year={2020},
      eprint={2002.05709},
      archivePrefix={arXiv},
      primaryClass={cs.LG}
}

@misc{lee2020network,
      title={Network Randomization: A Simple Technique for Generalization in Deep Reinforcement Learning}, 
      author={Kimin Lee and Kibok Lee and Jinwoo Shin and Honglak Lee},
      year={2020},
      eprint={1910.05396},
      archivePrefix={arXiv},
      primaryClass={cs.LG}
}


